@Misc{robota,
      author = "{etymonline}",
      title = "{Etymology of the word 'robot'}",
howpublished = {\url{http://www.etymonline.com/index.php?term=robot}},
}

@Article{robotics,
title={Who did actually invent the word “robot” and what does it mean?”},
author={Zunt, Dominik},
journal={The Karel {\v{C}}apek website},
year={2007}
}


@Misc{arexx,
author = "{AREXX}",
title = "{AREXX RA1-Pro}",
howpublished = {\url{http://www.arexx.com/robot_arm/html/en/documentation.htm}},
}


@Misc{6dof,
author = {Horia Ionescu},
title = "{6 Degrees of Freedom}",
howpublished = {\url{http://en.wikipedia.org/wiki/Six_degrees_of_freedom#/media/File:6DOF_en.jpg}}
}


@Misc{apc220range,
author = {DFROBOT},
title = "{APC220 Radio Communication Module}",
howpublished = {\url{http://www.dfrobot.com/index.php?route=product/product\&product_id=57}},
}


@Article{deplabor,
author = {United States Department of Labor},
title = {Industrial Robots and Robot System Safety},
journal = {Occupational Safety and Health Administration},
year = {1999},
}

@Book{mocap,
  title={Intraoperative imaging and image-guided therapy},
  author={Jolesz, Ferenc A},
  year={2014},
  publisher={Springer Science \& Business Media}
}


@Article{mocapapp,
  title={Motion capture process, techniques and applications},
  author={Sharma, Ashish and Agarwal, M and Sharma, A and Dhuria, P},
  journal={Int. J. Recent Innov. Trends Comput. Commun},
  volume={1},
  pages={251--257},
  year={2013}
}

@Article{endeffector,
  title={Design of a Robotic Arm with Gripper \& End effectors for Spot Welding},
  author={Singh, Puran and Kumar, Anil and Vashisth, Mahesh},
  journal={Universal Journal of Mechanical Engineering},
  pages={92--97},
  year={2013}
}
@Article{mocapsports,
  title={Animation of 3D Human Model Using Markerless Motion Capture Applied To Sports},
  author={Shingade, Ashish and Ghotkar, Archana},
  journal={arXiv preprint arXiv:1402.2363},
  year={2014}
}

@Misc{diffsteering,
author = {Unknown},
title = {Differential Steering Depiction},
howpublished = {\url{http://rossum.sourceforge.net/papers/DiffSteer/DiffSteer.html}},
}

@Misc{differential-steering,
howpublished = {\url{http://42bots.com/wp-content/uploads/2014/01/Differential-Steering-Tutorials-42bots2.png}}
}

@Misc{uart,
author = {WW Kong},
title = {UART – Universal Asynchronous Receiver and Transmitter},
journal = {RH2T Magazine},
year = {2010},
volume = {3}
}

@Misc{rover5,
author = {Sparkfun},
title = {Rover 5},
howpublished = {\url{https://www.sparkfun.com/datasheets/Robotics/Rover%205%20Introduction.pdf}}
}

@misc{microsoftkinectdepth,
  title={Depth mapping using projected patterns},
  author={Freedman, Barak and Shpunt, Alexander and Machline, Meir and Arieli, Yoel},
  year={2012},
  month=apr # "~3",
  publisher={Google Patents},
  note={US Patent 8,150,142}
}

@Article{microsoftkinectbody,
  title={Real-time human pose recognition in parts from single depth images},
  author={Shotton, Jamie and Sharp, Toby and Kipman, Alex and Fitzgibbon, Andrew and Finocchio, Mark and Blake, Andrew and Cook, Mat and Moore, Richard},
  journal={Communications of the ACM},
  volume={56},
  number={1},
  pages={116--124},
  year={2013},
  publisher={ACM}
}

@Misc{duty_cycle, 
title={Pulse-Width Modulation Image},
howpublished = {\url{http://www.hho4free.com/pulse_width_modulator__pwm.htm}}
}

@Article{chessbot,
author = {Robotic Arm playing chess},
howpublished = {\url{http://hacknmod.com/hack/diy-chess-playing-robotic-arm/}}
}

@Article{i2c,
author = {I2C Tutorial},
howpublished = {\url{https://learn.sparkfun.com/tutorials/i2c}}
}